@Inbook{Dietzfelbinger2007,
author="Dietzfelbinger, Martin",
editor="Hromkovi{\v{c}}, Juraj
and Kr{\'a}lovi{\v{c}}, Richard
and Nunkesser, Marc
and Widmayer, Peter",
chapter="Design Strategies for Minimal Perfect Hash Functions",
title="Stochastic Algorithms: Foundations and Applications: 4th International Symposium, SAGA 2007, Zurich, Switzerland, September 13-14, 2007. Proceedings",
year="2007",
publisher="Springer Berlin Heidelberg",
address="Berlin, Heidelberg",
pages="2--17",
isbn="978-3-540-74871-7",
doi="10.1007/978-3-540-74871-7_2"
}
@article{Botelho2013108,
title = "Practical perfect hashing in nearly optimal space ",
journal = "Information Systems ",
volume = "38",
number = "1",
pages = "108 - 131",
year = "2013",
note = "",
issn = "0306-4379",
doi = "10.1016/j.is.2012.06.002",
author = "Fabiano C. Botelho and Rasmus Pagh and Nivio Ziviani",
keywords = "Perfect hash functions",
keywords = "Randomized algorithms",
keywords = "Random graphs",
keywords = "Large key sets "
}

@article{czech1997,
  title={Fundamental study perfect hashing},
  author={Czech, Zbigniew J. and Havas, George and Majewski, Bohdan S.},
  journal={Theoretical Computer Science},
  volume={182},
  number={1},
  pages={1--143},
  year={1997},
  publisher={Elsevier}
}
@Inbook{Raab1998,
author="Raab, Martin
and Steger, Angelika",
editor="Luby, Michael
and Rolim, Jos{\'e} D. P.
and Serna, Maria",
chapter="``Balls into Bins'' --- A Simple and Tight Analysis",
title="Randomization and Approximation Techniques in Computer Science: Second International Workshop, RANDOM'98 Barcelona, Spain, October 8--10, 1998 Proceedings",
year="1998",
publisher="Springer Berlin Heidelberg",
address="Berlin, Heidelberg",
pages="159--170",
isbn="978-3-540-49543-7",
doi="10.1007/3-540-49543-6_13",
}
